@article{han2015learning,
  title={Learning both weights and connections for efficient neural networks},
  author={Han, Song and Pool, Jeff and Tran, John and Dally, William J},
  journal={arXiv preprint arXiv:1506.02626},
  year={2015}
}

@article{collins2014memory,
  title={Memory bounded deep convolutional networks},
  author={Collins, Maxwell D and Kohli, Pushmeet},
  journal={arXiv preprint arXiv:1412.1442},
  year={2014}
}

@inproceedings{chellapilla2006high,
  title={High performance convolutional neural networks for document processing},
  author={Chellapilla, Kumar and Puri, Sidd and Simard, Patrice},
  booktitle={Tenth International Workshop on Frontiers in Handwriting Recognition},
  year={2006},
  organization={Suvisoft}
}

@article{chetlur2014cudnn,
  title={cudnn: Efficient primitives for deep learning},
  author={Chetlur, Sharan and Woolley, Cliff and Vandermersch, Philippe and Cohen, Jonathan and Tran, John and Catanzaro, Bryan and Shelhamer, Evan},
  journal={arXiv preprint arXiv:1410.0759},
  year={2014}
}

@article{anwar2015structured,
  title={Structured Pruning of Deep Convolutional Neural Networks},
  author={Anwar, Sajid and Hwang, Kyuyeon and Sung, Wonyong},
  journal={arXiv preprint arXiv:1512.08571},
  year={2015}
}

@inproceedings{zhang2015efficient,
  title={Efficient and accurate approximations of nonlinear convolutional networks},
  author={Zhang, Xiangyu and Zou, Jianhua and Ming, Xiang and He, Kaiming and Sun, Jian},
  booktitle={Proceedings of the IEEE Conference on Computer Vision and Pattern Recognition},
  pages={1984--1992},
  year={2015}
}

@inproceedings{denton2014exploiting,
  title={Exploiting linear structure within convolutional networks for efficient evaluation},
  author={Denton, Emily L and Zaremba, Wojciech and Bruna, Joan and LeCun, Yann and Fergus, Rob},
  booktitle={Advances in Neural Information Processing Systems},
  pages={1269--1277},
  year={2014}
}

@inproceedings{rigamonti2013learning,
  title={Learning separable filters},
  author={Rigamonti, Roberto and Sironi, Amos and Lepetit, Vincent and Fua, Pascal},
  booktitle={Computer Vision and Pattern Recognition (CVPR), 2013 IEEE Conference on},
  pages={2754--2761},
  year={2013},
  organization={IEEE}
}

@article{DBLP:journals/corr/LinCY13,
  author    = {Min Lin and
               Qiang Chen and
               Shuicheng Yan},
  title     = {Network In Network},
  journal   = {CoRR},
  volume    = {abs/1312.4400},
  year      = {2013},
  url       = {http://arxiv.org/abs/1312.4400},
  timestamp = {Mon, 06 Jan 2014 15:10:41 +0100},
  biburl    = {http://dblp.uni-trier.de/rec/bib/journals/corr/LinCY13},
  bibsource = {dblp computer science bibliography, http://dblp.org}
}

@article{DBLP:journals/corr/GongLYB14,
  author    = {Yunchao Gong and
               Liu Liu and
               Ming Yang and
               Lubomir D. Bourdev},
  title     = {Compressing Deep Convolutional Networks using Vector Quantization},
  journal   = {CoRR},
  volume    = {abs/1412.6115},
  year      = {2014},
  url       = {http://arxiv.org/abs/1412.6115},
  timestamp = {Tue, 03 Feb 2015 08:25:02 +0100},
  biburl    = {http://dblp.uni-trier.de/rec/bib/journals/corr/GongLYB14},
  bibsource = {dblp computer science bibliography, http://dblp.org}
}

@article{srivastava2014dropout,
  title={Dropout: A simple way to prevent neural networks from overfitting},
  author={Srivastava, Nitish and Hinton, Geoffrey and Krizhevsky, Alex and Sutskever, Ilya and Salakhutdinov, Ruslan},
  journal={The Journal of Machine Learning Research},
  volume={15},
  number={1},
  pages={1929--1958},
  year={2014},
  publisher={JMLR. org}
}

@inproceedings{wan2013regularization,
  title={Regularization of neural networks using dropconnect},
  author={Wan, Li and Zeiler, Matthew and Zhang, Sixin and Cun, Yann L and Fergus, Rob},
  booktitle={Proceedings of the 30th International Conference on Machine Learning (ICML-13)},
  pages={1058--1066},
  year={2013}
}

@inproceedings{weinberger2009feature,
  title={Feature hashing for large scale multitask learning},
  author={Weinberger, Kilian and Dasgupta, Anirban and Langford, John and Smola, Alex and Attenberg, Josh},
  booktitle={Proceedings of the 26th Annual International Conference on Machine Learning},
  pages={1113--1120},
  year={2009},
  organization={ACM}
}

@article{shi2009hash,
  title={Hash kernels for structured data},
  author={Shi, Qinfeng and Petterson, James and Dror, Gideon and Langford, John and Smola, Alex and Vishwanathan, SVN},
  journal={The Journal of Machine Learning Research},
  volume={10},
  pages={2615--2637},
  year={2009},
  publisher={JMLR. org}
}

@article{chen2015compressing,
  title={Compressing Neural Networks with the Hashing Trick},
  author={Chen, Wenlin and Wilson, James T and Tyree, Stephen and Weinberger, Kilian Q and Chen, Yixin},
  journal={arXiv preprint arXiv:1504.04788},
  year={2015}
}

@article{collins2014memory,
  title={Memory bounded deep convolutional networks},
  author={Collins, Maxwell D and Kohli, Pushmeet},
  journal={arXiv preprint arXiv:1412.1442},
  year={2014}
}

@article{yang2014deep,
  title={Deep Fried Convnets},
  author={Yang, Zichao and Moczulski, Marcin and Denil, Misha and de Freitas, Nando and Smola, Alex and Song, Le and Wang, Ziyu},
  journal={arXiv preprint arXiv:1412.7149},
  year={2014}
}

@inproceedings{denil2013predicting,
  title={Predicting parameters in deep learning},
  author={Denil, Misha and Shakibi, Babak and Dinh, Laurent and de Freitas, Nando and others},
  booktitle={Advances in Neural Information Processing Systems},
  pages={2148--2156},
  year={2013}
}

@article{goodfellow2013maxout,
  title={Maxout networks},
  author={Goodfellow, Ian J and Warde-Farley, David and Mirza, Mehdi and Courville, Aaron and Bengio, Yoshua},
  journal={arXiv preprint arXiv:1302.4389},
  year={2013}
}

@inproceedings{xue2013restructuring,
  title={Restructuring of deep neural network acoustic models with singular value decomposition.},
  author={Xue, Jian and Li, Jinyu and Gong, Yifan},
  booktitle={INTERSPEECH},
  pages={2365--2369},
  year={2013}
}

@incollection{zeiler2014visualizing,
  title={Visualizing and understanding convolutional networks},
  author={Zeiler, Matthew D and Fergus, Rob},
  booktitle={Computer Vision--ECCV 2014},
  pages={818--833},
  year={2014},
  publisher={Springer}
}

@article{mathieu2013fast,
  title={Fast training of convolutional networks through ffts},
  author={Mathieu, Michael and Henaff, Mikael and LeCun, Yann},
  journal={arXiv preprint arXiv:1312.5851},
  year={2013}
}

@article{jaderberg2014speeding,
  title={Speeding up convolutional neural networks with low rank expansions},
  author={Jaderberg, Max and Vedaldi, Andrea and Zisserman, Andrew},
  journal={arXiv preprint arXiv:1405.3866},
  year={2014}
}

@inproceedings{lecun1989optimal,
  title={Optimal brain damage.},
  author={LeCun, Yann and Denker, John S and Solla, Sara A and Howard, Richard E and Jackel, Lawrence D},
  booktitle={NIPs},
  volume={89},
  year={1989}
}

@inproceedings{hassibi1993optimal,
  title={Optimal brain surgeon and general network pruning},
  author={Hassibi, Babak and Stork, David G and Wolff, Gregory J},
  booktitle={Neural Networks, 1993., IEEE International Conference on},
  pages={293--299},
  year={1993},
  organization={IEEE}
}

@article{bondarenko2014artificial,
  title={Artificial Neural Network Generalization and Simplification via Pruning},
  author={Bondarenko, Andrey and Borisov, Arkady},
  journal={Information Technology and Management Science},
  volume={17},
  number={1},
  pages={132--137},
  year={2014}
}

@article{schmidhuber2015deep,
  title={Deep learning in neural networks: An overview},
  author={Schmidhuber, J{\"u}rgen},
  journal={Neural Networks},
  volume={61},
  pages={85--117},
  year={2015},
  publisher={Elsevier}
}

@inproceedings{sainath2013low,
  title={Low-rank matrix factorization for deep neural network training with high-dimensional output targets},
  author={Sainath, Tara N and Kingsbury, Brian and Sindhwani, Vikas and Arisoy, Ebru and Ramabhadran, Bhuvana},
  booktitle={Acoustics, Speech and Signal Processing (ICASSP), 2013 IEEE International Conference on},
  pages={6655--6659},
  year={2013},
  organization={IEEE}
}

@article{augasta2013pruning,
  title={Pruning algorithms of neural networksâ€”a comparative study},
  author={Augasta, M Gethsiyal and Kathirvalavakumar, T},
  journal={Central European Journal of Computer Science},
  volume={3},
  number={3},
  pages={105--115},
  year={2013},
  publisher={Springer}
}

@article{neyshabur2013sparse,
  title={Sparse matrix factorization},
  author={Neyshabur, Behnam and Panigrahy, Rina},
  journal={arXiv preprint arXiv:1311.3315},
  year={2013}
}

@article{langville2014algorithms,
  title={Algorithms, initializations, and convergence for the nonnegative matrix factorization},
  author={Langville, Amy N and Meyer, Carl D and Albright, Russell and Cox, James and Duling, David},
  journal={arXiv preprint arXiv:1407.7299},
  year={2014}
}

@article{zitnik2015data,
  title={Data fusion by matrix factorization},
  author={Zitnik, Marinka and Zupan, Blaz},
  journal={Pattern Analysis and Machine Intelligence, IEEE Transactions on},
  volume={37},
  number={1},
  pages={41--53},
  year={2015},
  publisher={IEEE}
}

@article{li2012tuning,
  title={Tuning the Structure and Parameters of a Neural Network by a New Network Model Based on Genetic Algorithms.},
  author={Li, Xiangmei},
  journal={International Journal of Digital Content Technology \& its Applications},
  volume={6},
  number={11},
  year={2012}
}

@article{lecun-mnisthandwrittendigit-2010,
  added-at = {2010-06-28T21:16:30.000+0200},
  author = {LeCun, Yann and Cortes, Corinna},
  biburl = {http://www.bibsonomy.org/bibtex/2935bad99fa1f65e03c25b315aa3c1032/mhwombat},
  groups = {public},
  howpublished = {http://yann.lecun.com/exdb/mnist/},
  interhash = {21b9d0558bd66279df9452562df6e6f3},
  intrahash = {935bad99fa1f65e03c25b315aa3c1032},
  keywords = {MSc _checked character_recognition mnist network neural},
  lastchecked = {2016-01-14 14:24:11},
  timestamp = {2016-01-14T15:24:40.000+0100},
  title = {{MNIST} handwritten digit database},
  url = {http://yann.lecun.com/exdb/mnist/},
  username = {mhwombat},
  year = 2010
}

@MISC{Bastien-Theano-2012,
        author = {Bastien, Fr{\'{e}}d{\'{e}}ric and Lamblin, Pascal and Pascanu, Razvan and Bergstra, James and Goodfellow, Ian J. and Bergeron, Arnaud and Bouchard, Nicolas and Bengio, Yoshua},
         title = {Theano: new features and speed improvements},
          year = {2012},
  howpublished = {Deep Learning and Unsupervised Feature Learning NIPS 2012 Workshop},
}

@INPROCEEDINGS{bergstra+al:2010-scipy,
     author = {Bergstra, James and Breuleux, Olivier and Bastien, Fr{\'{e}}d{\'{e}}ric and Lamblin, Pascal and Pascanu, Razvan and Desjardins, Guillaume and Turian, Joseph and Warde-Farley, David and Bengio, Yoshua},
      month = jun,
      title = {Theano: a {CPU} and {GPU} Math Expression Compiler},
  booktitle = {Proceedings of the Python for Scientific Computing Conference ({SciPy})},
       year = {2010},
   location = {Austin, TX},
       note = {Oral Presentation},
}

@misc{github,
   author = {Alec Radford (newmu)},
   title = {Theano-Tutorials},
   year = {2015},
   url = {\url{http://www.github.com/Newmu/Theano-Tutorials}},
   note = {Avaliable: \url{http://www.github.com} [Reached 27.1.2016].}
}

@misc{githubiomnf,
   author = {Martin StraÅ¾ar (mstrazar)},
   title = {Integrative orthogonal non-negative matrix factorization},
   year = {2015},
   url = {\url{https://github.com/mstrazar/iONMF}},
   note = {Avaliable: \url{http://www.github.com} [Reached 23.6.2016].}
}

@inproceedings{AISTATS2011_GlorotBB11, 
    Publisher = {Journal of Machine Learning Research - Workshop and Conference Proceedings}, 
    Title = {Deep Sparse Rectifier Neural Networks}, 
    Url = {http://www.jmlr.org/proceedings/papers/v15/glorot11a/glorot11a.pdf}, 
    Booktitle = {Proceedings of the Fourteenth International Conference on Artificial Intelligence and Statistics (AISTATS-11)}, 
    Author = {Xavier Glorot and Antoine Bordes and Yoshua Bengio}, 
    Volume = {15}, 
    Editor = {Geoffrey J. Gordon and David B. Dunson}, 
    Year = {2011}, 
    Pages = {315-323} 
   }

@misc{erogol,
   author = {Eren Golge},
   title = {Comparison: SGD vs momentum vs rmsprop vd momentum+rmsprop vs adagrad},
   year = {2015},
   url = {\url{http://www.erogol.com/comparison-sgd-vs-momentum-vs-rmsprop-vs-momentumrmsprop/}},
   note = {Avaliable: \url{http://www.erogol.com/} [Reached 17.1.2016].}
}

@misc{lecture,
   author = {Geoffrey Hinton},
   title = {Lecture 6a Overview of mini-batch gradient descent},
   year = {2014},
   url = {\url{http://www.cs.toronto.edu/~tijmen/csc321/slides/lecture_slides_lec6.pdf}},
   note = {Avaliable: \url{www.cs.toronto.edu/} [Reached 17.1.2016].}
}

@article{scikit-learn,
 title={Scikit-learn: Machine Learning in {P}ython},
 author={Pedregosa, F. and Varoquaux, G. and Gramfort, A. and Michel, V.
         and Thirion, B. and Grisel, O. and Blondel, M. and Prettenhofer, P.
         and Weiss, R. and Dubourg, V. and Vanderplas, J. and Passos, A. and
         Cournapeau, D. and Brucher, M. and Perrot, M. and Duchesnay, E.},
 journal={Journal of Machine Learning Research},
 volume={12},
 pages={2825--2830},
 year={2011}
}

 @article{Zitnik2012,
  title     = {Nimfa: A Python Library for Nonnegative Matrix Factorization},
  author    = {Zitnik, Marinka and Zupan, Blaz},
  journal   = {Journal of Machine Learning Research},
  volume    = {13},
  pages     = {849-853},
  year      = {2012}
}

@article{krizhevsky2009learning,
  title={Learning multiple layers of features from tiny images},
  author={Krizhevsky, Alex and Hinton, Geoffrey},
  year={2009},
  publisher={Citeseer}
}

@misc{code,
   author = {Teja Rostan},
   title = {osd},
   year = {2015},
   url = {\url{http://github.com/teja-rostan/osd}},
   note = {Avaliable: \url{http://www.github.com} [Reached 18.2.2016].}
}